<marcxml:record xmlns:marcxml="http://www.loc.gov/MARC21/slim" xmlns:mets="http://www.loc.gov/METS/" xmlns:bf="http://id.loc.gov/ontologies/bibframe/" xmlns:bflc="http://id.loc.gov/ontologies/bflc/" xmlns:madsrdf="http://www.loc.gov/mads/rdf/v1#" xmlns:rdf="http://www.w3.org/1999/02/22-rdf-syntax-ns#" xmlns:ri="http://id.loc.gov/ontologies/RecordInfo#" xmlns:idx="info:lc/xq-modules/lcindex" xmlns:semtriples="http://marklogic.com/semantic" xmlns:xsi="http://www.w3.org/2001/XMLSchema-instance" xmlns:xlink="http://www.w3.org/1999/xlink" xmlns:streams="info:lc/streams#">
  <marcxml:leader>01365cam a2200313 a 4500</marcxml:leader>
  <marcxml:controlfield tag="001">16090230</marcxml:controlfield>
  <marcxml:controlfield tag="005">20170202092110.0</marcxml:controlfield>
  <marcxml:controlfield tag="008">100211s2010    miua   j      001 0 eng  </marcxml:controlfield>
  <marcxml:datafield tag="906" ind1=" " ind2=" ">
    <marcxml:subfield code="a">7</marcxml:subfield>
    <marcxml:subfield code="b">cbc</marcxml:subfield>
    <marcxml:subfield code="c">orignew</marcxml:subfield>
    <marcxml:subfield code="d">1</marcxml:subfield>
    <marcxml:subfield code="e">ecip</marcxml:subfield>
    <marcxml:subfield code="f">20</marcxml:subfield>
    <marcxml:subfield code="g">y-gencatlg</marcxml:subfield>
  </marcxml:datafield>
  <marcxml:datafield tag="925" ind1="0" ind2=" ">
    <marcxml:subfield code="a">acquire</marcxml:subfield>
    <marcxml:subfield code="b">1 shelf copy</marcxml:subfield>
    <marcxml:subfield code="x">policy default</marcxml:subfield>
  </marcxml:datafield>
  <marcxml:datafield tag="925" ind1="1" ind2=" ">
    <marcxml:subfield code="a">acquire</marcxml:subfield>
    <marcxml:subfield code="b">2 shelf copies</marcxml:subfield>
    <marcxml:subfield code="x">policy default</marcxml:subfield>
    <marcxml:subfield code="e">claim1  2010-12-15</marcxml:subfield>
  </marcxml:datafield>
  <marcxml:datafield tag="955" ind1=" " ind2=" ">
    <marcxml:subfield code="b">rc06 2010-02-11</marcxml:subfield>
    <marcxml:subfield code="i">rc06 2010-02-11 to Dewey (telework)</marcxml:subfield>
    <marcxml:subfield code="w">rd06 2010-02-18</marcxml:subfield>
    <marcxml:subfield code="a">xe05 2011-02-23 1 copy rec'd., to CIP ver.</marcxml:subfield>
    <marcxml:subfield code="f">xh08 2011-02-24 Z-CipVer to BCCD</marcxml:subfield>
    <marcxml:subfield code="t">fd50 2011-06-13 copy 2 added</marcxml:subfield>
  </marcxml:datafield>
  <marcxml:datafield tag="010" ind1=" " ind2=" ">
    <marcxml:subfield code="a">  2010005159</marcxml:subfield>
  </marcxml:datafield>
  <marcxml:datafield tag="020" ind1=" " ind2=" ">
    <marcxml:subfield code="a">9780802853769 (alk. paper)</marcxml:subfield>
  </marcxml:datafield>
  <marcxml:datafield tag="035" ind1=" " ind2=" ">
    <marcxml:subfield code="a">(OCoLC)ocn522429310</marcxml:subfield>
  </marcxml:datafield>
  <marcxml:datafield tag="040" ind1=" " ind2=" ">
    <marcxml:subfield code="a">DLC</marcxml:subfield>
    <marcxml:subfield code="c">DLC</marcxml:subfield>
    <marcxml:subfield code="d">IG#</marcxml:subfield>
    <marcxml:subfield code="d">ON8</marcxml:subfield>
    <marcxml:subfield code="d">JST</marcxml:subfield>
    <marcxml:subfield code="d">DLC</marcxml:subfield>
  </marcxml:datafield>
  <marcxml:datafield tag="041" ind1="1" ind2=" ">
    <marcxml:subfield code="a">eng</marcxml:subfield>
    <marcxml:subfield code="h">fre</marcxml:subfield>
  </marcxml:datafield>
  <marcxml:datafield tag="042" ind1=" " ind2=" ">
    <marcxml:subfield code="a">lcac</marcxml:subfield>
  </marcxml:datafield>
  <marcxml:datafield tag="050" ind1="0" ind2="0">
    <marcxml:subfield code="a">BS663</marcxml:subfield>
    <marcxml:subfield code="b">.D4513 2010</marcxml:subfield>
  </marcxml:datafield>
  <marcxml:datafield tag="082" ind1="0" ind2="0">
    <marcxml:subfield code="a">220.8/59</marcxml:subfield>
    <marcxml:subfield code="2">22</marcxml:subfield>
  </marcxml:datafield>
  <marcxml:datafield tag="100" ind1="1" ind2=" ">
    <marcxml:subfield code="a">Delval, Marie-Hélène.</marcxml:subfield>
  </marcxml:datafield>
  <marcxml:datafield tag="240" ind1="1" ind2="0">
    <marcxml:subfield code="a">Animaux de la Bible pour les petits.</marcxml:subfield>
    <marcxml:subfield code="l">English.</marcxml:subfield>
  </marcxml:datafield>
  <marcxml:datafield tag="245" ind1="1" ind2="0">
    <marcxml:subfield code="a">Animals of the Bible for young children /</marcxml:subfield>
    <marcxml:subfield code="c">Marie-Hélène Delval ; illustrated by Aurélia Fronty.</marcxml:subfield>
  </marcxml:datafield>
  <marcxml:datafield tag="260" ind1=" " ind2=" ">
    <marcxml:subfield code="a">Grand Rapids, Mich. :</marcxml:subfield>
    <marcxml:subfield code="b">Eerdmans Books for Young Readers,</marcxml:subfield>
    <marcxml:subfield code="c">2010.</marcxml:subfield>
  </marcxml:datafield>
  <marcxml:datafield tag="300" ind1=" " ind2=" ">
    <marcxml:subfield code="a">88 p. :</marcxml:subfield>
    <marcxml:subfield code="b">col. ill. ;</marcxml:subfield>
    <marcxml:subfield code="c">22 cm.</marcxml:subfield>
  </marcxml:datafield>
  <marcxml:datafield tag="500" ind1=" " ind2=" ">
    <marcxml:subfield code="a">Includes index.</marcxml:subfield>
  </marcxml:datafield>
  <marcxml:datafield tag="520" ind1=" " ind2=" ">
    <marcxml:subfield code="a">Originally published as Animaux de la Bible pour les petits by Bayard Éditions Jeunesse in 2005.</marcxml:subfield>
  </marcxml:datafield>
  <marcxml:datafield tag="650" ind1=" " ind2="0">
    <marcxml:subfield code="a">Animals in the Bible</marcxml:subfield>
    <marcxml:subfield code="v">Juvenile literature.</marcxml:subfield>
  </marcxml:datafield>
  <marcxml:datafield tag="650" ind1=" " ind2="1">
    <marcxml:subfield code="a">Animals in the Bible.</marcxml:subfield>
  </marcxml:datafield>
</marcxml:record>
